<record><leader>00000cas a22000007a 4500</leader><controlfield tag="001">12813014</controlfield><controlfield tag="008">851118d19011992sduwr ne      0    0eng  </controlfield><controlfield tag="009">466</controlfield><datafield ind1=" " ind2=" " tag="010"><subfield code="a">sn 85042712 </subfield></datafield><datafield ind1=" " ind2=" " tag="040"><subfield code="a">DLC</subfield><subfield code="b">eng</subfield><subfield code="c">DLC</subfield><subfield code="d">SXN</subfield><subfield code="d">OCLCO</subfield><subfield code="d">OCLCF</subfield></datafield><datafield ind1="1" ind2=" " tag="029"><subfield code="a">AU@</subfield><subfield code="b">000020235265</subfield></datafield><datafield ind1=" " ind2=" " tag="042"><subfield code="a">msc</subfield></datafield><datafield ind1=" " ind2=" " tag="043"><subfield code="a">n-us-sd</subfield></datafield><datafield ind1="0" ind2=" " tag="130"><subfield code="a">Chamberlain register (Chamberlain, S.D. : 1901)</subfield></datafield><datafield ind1="0" ind2="0" tag="245"><subfield code="a">Chamberlain register.</subfield></datafield><datafield ind1=" " ind2=" " tag="260"><subfield code="a">Chamberlain, S.D. :</subfield><subfield code="b">Lawless &amp; Powers,</subfield><subfield code="c">1901-1992.</subfield></datafield><datafield ind1=" " ind2=" " tag="300"><subfield code="a">v.</subfield></datafield><datafield ind1=" " ind2=" " tag="310"><subfield code="a">Weekly</subfield></datafield><datafield ind1="0" ind2=" " tag="362"><subfield code="a">Vol. 20, no. 50 (May 23, 1901)-v. 110, no. 44 (Mar. 19, 1992).</subfield></datafield><datafield ind1=" " ind2=" " tag="530"><subfield code="a">Available on microfilm from: State Archives, South Dakota State Historical Society.</subfield></datafield><datafield ind1=" " ind2="0" tag="651"><subfield code="a">Chamberlain (S.D.)</subfield><subfield code="v">Newspapers.</subfield></datafield><datafield ind1=" " ind2="0" tag="651"><subfield code="a">Brule County (S.D.)</subfield><subfield code="v">Newspapers.</subfield></datafield><datafield ind1=" " ind2="7" tag="655"><subfield code="a">Newspapers.</subfield><subfield code="2">fast</subfield><subfield code="0">(OCoLC)fst01423814</subfield></datafield><datafield ind1=" " ind2="7" tag="651"><subfield code="a">South Dakota</subfield><subfield code="z">Brule County.</subfield><subfield code="2">fast</subfield><subfield code="0">(OCoLC)fst01215574</subfield></datafield><datafield ind1=" " ind2="7" tag="651"><subfield code="a">South Dakota</subfield><subfield code="z">Chamberlain.</subfield><subfield code="2">fast</subfield><subfield code="0">(OCoLC)fst01209674</subfield></datafield><datafield ind1=" " ind2=" " tag="752"><subfield code="a">United States</subfield><subfield code="b">South Dakota</subfield><subfield code="c">Brule</subfield><subfield code="d">Chamberlain.</subfield></datafield><datafield ind1="0" ind2="0" tag="780"><subfield code="t">Chamberlain register and South Dakota palladium</subfield><subfield code="w">(DLC)sn 99068085</subfield></datafield><datafield ind1="0" ind2="5" tag="780"><subfield code="t">Chamberlain leader</subfield><subfield code="w">(DLC)sn 99068072</subfield></datafield><datafield ind1="0" ind2="0" tag="785"><subfield code="t">Chamberlain-Oacoma register</subfield><subfield code="w">(DLC)sn 99068087</subfield></datafield></record>